%YAML 1.1
%TAG !u! tag:unity3d.com,2011:
--- !u!1 &2944852310985093333
GameObject:
  m_ObjectHideFlags: 0
  m_CorrespondingSourceObject: {fileID: 0}
  m_PrefabInstance: {fileID: 0}
  m_PrefabAsset: {fileID: 0}
  serializedVersion: 6
  m_Component:
  - component: {fileID: 2971298772845197680}
  - component: {fileID: 2543575661875840835}
  m_Layer: 0
  m_Name: MagazineSlot
  m_TagString: Untagged
  m_Icon: {fileID: 0}
  m_NavMeshLayer: 0
  m_StaticEditorFlags: 0
  m_IsActive: 1
--- !u!4 &2971298772845197680
Transform:
  m_ObjectHideFlags: 0
  m_CorrespondingSourceObject: {fileID: 0}
  m_PrefabInstance: {fileID: 0}
  m_PrefabAsset: {fileID: 0}
  m_GameObject: {fileID: 2944852310985093333}
  m_LocalRotation: {x: 0, y: -0, z: -0, w: 1}
  m_LocalPosition: {x: -0.00006317464, y: -0.104954205, z: 0.17690703}
  m_LocalScale: {x: 1, y: 1, z: 1}
  m_Children: []
  m_Father: {fileID: 7218430960939428261}
  m_RootOrder: 4
  m_LocalEulerAnglesHint: {x: 0, y: 0, z: 0}
--- !u!114 &2543575661875840835
MonoBehaviour:
  m_ObjectHideFlags: 0
  m_CorrespondingSourceObject: {fileID: 0}
  m_PrefabInstance: {fileID: 0}
  m_PrefabAsset: {fileID: 0}
  m_GameObject: {fileID: 2944852310985093333}
  m_Enabled: 1
  m_EditorHideFlags: 0
  m_Script: {fileID: 11500000, guid: d7595414d70985b4aa448b89b7f986fa, type: 3}
  m_Name: 
  m_EditorClassIdentifier: 
  SlotID: Magazine_Slot
--- !u!1 &7222650313578630478
GameObject:
  m_ObjectHideFlags: 0
  m_CorrespondingSourceObject: {fileID: 0}
  m_PrefabInstance: {fileID: 0}
  m_PrefabAsset: {fileID: 0}
  serializedVersion: 6
  m_Component:
  - component: {fileID: 7222650313578630465}
  - component: {fileID: 3369153488205099027}
  - component: {fileID: 799707487052443238}
  - component: {fileID: 112301290687029614}
  m_Layer: 0
  m_Name: G36_Instance
  m_TagString: Untagged
  m_Icon: {fileID: 0}
  m_NavMeshLayer: 0
  m_StaticEditorFlags: 0
  m_IsActive: 1
--- !u!4 &7222650313578630465
Transform:
  m_ObjectHideFlags: 0
  m_CorrespondingSourceObject: {fileID: 0}
  m_PrefabInstance: {fileID: 0}
  m_PrefabAsset: {fileID: 0}
  m_GameObject: {fileID: 7222650313578630478}
  m_LocalRotation: {x: 0, y: 0, z: 0, w: 1}
  m_LocalPosition: {x: 0, y: 0, z: 0}
  m_LocalScale: {x: 1, y: 1, z: 1}
  m_Children:
  - {fileID: 7218430960939428261}
  - {fileID: 204921398873898269}
  - {fileID: 9219893046569605941}
  m_Father: {fileID: 0}
  m_RootOrder: 0
  m_LocalEulerAnglesHint: {x: 0, y: 0, z: 0}
--- !u!114 &3369153488205099027
MonoBehaviour:
  m_ObjectHideFlags: 0
  m_CorrespondingSourceObject: {fileID: 0}
  m_PrefabInstance: {fileID: 0}
  m_PrefabAsset: {fileID: 0}
  m_GameObject: {fileID: 7222650313578630478}
  m_Enabled: 1
  m_EditorHideFlags: 0
  m_Script: {fileID: 11500000, guid: 0efc073865b3ba94da8f01499d064d27, type: 3}
  m_Name: 
  m_EditorClassIdentifier: 
  collider: {fileID: 0}
  rigidbody: {fileID: 0}
  RGrip: {fileID: 0}
  RPole: {fileID: 0}
  LGrip: {fileID: 0}
  LPole: {fileID: 0}
  projectileFirePoint: {fileID: 204921398873898269}
  bulletShellParticle: {fileID: 9219893046551262297}
  bolt: {fileID: 7218490156605483049}
  boltOpenPos: {x: 0.01909309, y: 0.07925858, z: 0.053}
  boltClosedPos: {x: 0.01909309, y: 0.07925858, z: 0.1497457}
--- !u!54 &799707487052443238
Rigidbody:
  m_ObjectHideFlags: 0
  m_CorrespondingSourceObject: {fileID: 0}
  m_PrefabInstance: {fileID: 0}
  m_PrefabAsset: {fileID: 0}
  m_GameObject: {fileID: 7222650313578630478}
  serializedVersion: 2
  m_Mass: 1
  m_Drag: 0
  m_AngularDrag: 0.05
  m_UseGravity: 1
  m_IsKinematic: 0
  m_Interpolate: 0
  m_Constraints: 0
  m_CollisionDetection: 0
--- !u!65 &112301290687029614
BoxCollider:
  m_ObjectHideFlags: 0
  m_CorrespondingSourceObject: {fileID: 0}
  m_PrefabInstance: {fileID: 0}
  m_PrefabAsset: {fileID: 0}
  m_GameObject: {fileID: 7222650313578630478}
  m_Material: {fileID: 0}
  m_IsTrigger: 0
  m_Enabled: 1
  serializedVersion: 2
  m_Size: {x: 0.07643509, y: 0.2696431, z: 0.59345245}
  m_Center: {x: 0.0021190643, y: 0.027732179, z: 0.20327377}
--- !u!1 &8906210877618195282
GameObject:
  m_ObjectHideFlags: 0
  m_CorrespondingSourceObject: {fileID: 0}
  m_PrefabInstance: {fileID: 0}
  m_PrefabAsset: {fileID: 0}
  serializedVersion: 6
  m_Component:
  - component: {fileID: 204921398873898269}
  m_Layer: 0
  m_Name: ProjectileSpawn
  m_TagString: Untagged
  m_Icon: {fileID: 0}
  m_NavMeshLayer: 0
  m_StaticEditorFlags: 0
  m_IsActive: 1
--- !u!4 &204921398873898269
Transform:
  m_ObjectHideFlags: 0
  m_CorrespondingSourceObject: {fileID: 0}
  m_PrefabInstance: {fileID: 0}
  m_PrefabAsset: {fileID: 0}
  m_GameObject: {fileID: 8906210877618195282}
  m_LocalRotation: {x: 0, y: 0, z: 0, w: 1}
  m_LocalPosition: {x: 0, y: 0.071, z: 0.4762}
  m_LocalScale: {x: 1, y: 1, z: 1}
  m_Children: []
  m_Father: {fileID: 7222650313578630465}
  m_RootOrder: 1
  m_LocalEulerAnglesHint: {x: 0, y: 0, z: 0}
--- !u!1001 &7222650311918625435
PrefabInstance:
  m_ObjectHideFlags: 0
  serializedVersion: 2
  m_Modification:
    m_TransformParent: {fileID: 7222650313578630465}
    m_Modifications:
    - target: {fileID: 1042019584973368, guid: 04e8ca980b4beed48979d827d8250fb4, type: 3}
      propertyPath: m_Name
      value: SM_Wep_Rifle_Assault_05
      objectReference: {fileID: 0}
    - target: {fileID: 1113596721453734, guid: 04e8ca980b4beed48979d827d8250fb4, type: 3}
      propertyPath: m_IsActive
      value: 0
      objectReference: {fileID: 0}
    - target: {fileID: 1742844108933186, guid: 04e8ca980b4beed48979d827d8250fb4, type: 3}
      propertyPath: m_IsActive
      value: 1
      objectReference: {fileID: 0}
    - target: {fileID: 4792254929554238, guid: 04e8ca980b4beed48979d827d8250fb4, type: 3}
      propertyPath: m_RootOrder
      value: 0
      objectReference: {fileID: 0}
    - target: {fileID: 4792254929554238, guid: 04e8ca980b4beed48979d827d8250fb4, type: 3}
      propertyPath: m_LocalPosition.x
      value: 0
      objectReference: {fileID: 0}
    - target: {fileID: 4792254929554238, guid: 04e8ca980b4beed48979d827d8250fb4, type: 3}
      propertyPath: m_LocalPosition.y
      value: 0
      objectReference: {fileID: 0}
    - target: {fileID: 4792254929554238, guid: 04e8ca980b4beed48979d827d8250fb4, type: 3}
      propertyPath: m_LocalPosition.z
      value: 0
      objectReference: {fileID: 0}
    - target: {fileID: 4792254929554238, guid: 04e8ca980b4beed48979d827d8250fb4, type: 3}
      propertyPath: m_LocalRotation.w
      value: 1
      objectReference: {fileID: 0}
    - target: {fileID: 4792254929554238, guid: 04e8ca980b4beed48979d827d8250fb4, type: 3}
      propertyPath: m_LocalRotation.x
      value: 0
      objectReference: {fileID: 0}
    - target: {fileID: 4792254929554238, guid: 04e8ca980b4beed48979d827d8250fb4, type: 3}
      propertyPath: m_LocalRotation.y
      value: 0
      objectReference: {fileID: 0}
    - target: {fileID: 4792254929554238, guid: 04e8ca980b4beed48979d827d8250fb4, type: 3}
      propertyPath: m_LocalRotation.z
      value: 0
      objectReference: {fileID: 0}
    - target: {fileID: 4792254929554238, guid: 04e8ca980b4beed48979d827d8250fb4, type: 3}
      propertyPath: m_LocalEulerAnglesHint.x
      value: 0
      objectReference: {fileID: 0}
    - target: {fileID: 4792254929554238, guid: 04e8ca980b4beed48979d827d8250fb4, type: 3}
      propertyPath: m_LocalEulerAnglesHint.y
      value: 0
      objectReference: {fileID: 0}
    - target: {fileID: 4792254929554238, guid: 04e8ca980b4beed48979d827d8250fb4, type: 3}
      propertyPath: m_LocalEulerAnglesHint.z
      value: 0
      objectReference: {fileID: 0}
    - target: {fileID: 4847456283626162, guid: 04e8ca980b4beed48979d827d8250fb4, type: 3}
      propertyPath: m_LocalPosition.z
      value: 0.053
      objectReference: {fileID: 0}
    m_RemovedComponents:
    - {fileID: 64257311955457448, guid: 04e8ca980b4beed48979d827d8250fb4, type: 3}
  m_SourcePrefab: {fileID: 100100000, guid: 04e8ca980b4beed48979d827d8250fb4, type: 3}
--- !u!4 &7218430960939428261 stripped
Transform:
  m_CorrespondingSourceObject: {fileID: 4792254929554238, guid: 04e8ca980b4beed48979d827d8250fb4, type: 3}
  m_PrefabInstance: {fileID: 7222650311918625435}
  m_PrefabAsset: {fileID: 0}
--- !u!4 &7218490156605483049 stripped
Transform:
  m_CorrespondingSourceObject: {fileID: 4847456283626162, guid: 04e8ca980b4beed48979d827d8250fb4, type: 3}
  m_PrefabInstance: {fileID: 7222650311918625435}
  m_PrefabAsset: {fileID: 0}
--- !u!1001 &9219893046570089769
PrefabInstance:
  m_ObjectHideFlags: 0
  serializedVersion: 2
  m_Modification:
    m_TransformParent: {fileID: 7222650313578630465}
    m_Modifications:
    - target: {fileID: 131604, guid: 8698f59a8ea9a0c449a001968fa1db7f, type: 3}
      propertyPath: m_Name
      value: Bullet_Shell_FX
      objectReference: {fileID: 0}
    - target: {fileID: 484892, guid: 8698f59a8ea9a0c449a001968fa1db7f, type: 3}
      propertyPath: m_RootOrder
      value: 2
      objectReference: {fileID: 0}
    - target: {fileID: 484892, guid: 8698f59a8ea9a0c449a001968fa1db7f, type: 3}
      propertyPath: m_LocalPosition.x
      value: 0.0081
      objectReference: {fileID: 0}
    - target: {fileID: 484892, guid: 8698f59a8ea9a0c449a001968fa1db7f, type: 3}
      propertyPath: m_LocalPosition.y
      value: 0.07
      objectReference: {fileID: 0}
    - target: {fileID: 484892, guid: 8698f59a8ea9a0c449a001968fa1db7f, type: 3}
      propertyPath: m_LocalPosition.z
      value: 0.139
      objectReference: {fileID: 0}
    - target: {fileID: 484892, guid: 8698f59a8ea9a0c449a001968fa1db7f, type: 3}
      propertyPath: m_LocalRotation.w
      value: 0.70441604
      objectReference: {fileID: 0}
    - target: {fileID: 484892, guid: 8698f59a8ea9a0c449a001968fa1db7f, type: 3}
      propertyPath: m_LocalRotation.x
      value: -0.06162845
      objectReference: {fileID: 0}
    - target: {fileID: 484892, guid: 8698f59a8ea9a0c449a001968fa1db7f, type: 3}
      propertyPath: m_LocalRotation.y
      value: 0.70441604
      objectReference: {fileID: 0}
    - target: {fileID: 484892, guid: 8698f59a8ea9a0c449a001968fa1db7f, type: 3}
      propertyPath: m_LocalRotation.z
      value: 0.06162845
      objectReference: {fileID: 0}
    - target: {fileID: 484892, guid: 8698f59a8ea9a0c449a001968fa1db7f, type: 3}
      propertyPath: m_LocalEulerAnglesHint.x
      value: -10
      objectReference: {fileID: 0}
    - target: {fileID: 484892, guid: 8698f59a8ea9a0c449a001968fa1db7f, type: 3}
      propertyPath: m_LocalEulerAnglesHint.y
      value: 90
      objectReference: {fileID: 0}
    - target: {fileID: 484892, guid: 8698f59a8ea9a0c449a001968fa1db7f, type: 3}
      propertyPath: m_LocalEulerAnglesHint.z
      value: 0
      objectReference: {fileID: 0}
    - target: {fileID: 19876208, guid: 8698f59a8ea9a0c449a001968fa1db7f, type: 3}
      propertyPath: looping
      value: 0
      objectReference: {fileID: 0}
    - target: {fileID: 19876208, guid: 8698f59a8ea9a0c449a001968fa1db7f, type: 3}
      propertyPath: lengthInSec
      value: 0.1
      objectReference: {fileID: 0}
    - target: {fileID: 19876208, guid: 8698f59a8ea9a0c449a001968fa1db7f, type: 3}
      propertyPath: playOnAwake
      value: 0
      objectReference: {fileID: 0}
    - target: {fileID: 19876208, guid: 8698f59a8ea9a0c449a001968fa1db7f, type: 3}
      propertyPath: moveWithTransform
      value: 0
      objectReference: {fileID: 0}
    - target: {fileID: 19876208, guid: 8698f59a8ea9a0c449a001968fa1db7f, type: 3}
      propertyPath: EmissionModule.m_BurstCount
      value: 1
      objectReference: {fileID: 0}
    - target: {fileID: 19876208, guid: 8698f59a8ea9a0c449a001968fa1db7f, type: 3}
      propertyPath: InitialModule.startSpeed.scalar
      value: 3
      objectReference: {fileID: 0}
    - target: {fileID: 19876208, guid: 8698f59a8ea9a0c449a001968fa1db7f, type: 3}
      propertyPath: EmissionModule.m_Bursts.Array.size
      value: 1
      objectReference: {fileID: 0}
    - target: {fileID: 19876208, guid: 8698f59a8ea9a0c449a001968fa1db7f, type: 3}
      propertyPath: EmissionModule.rateOverTime.scalar
      value: 1
      objectReference: {fileID: 0}
    - target: {fileID: 19876208, guid: 8698f59a8ea9a0c449a001968fa1db7f, type: 3}
      propertyPath: InitialModule.startSpeed.minScalar
      value: 2
      objectReference: {fileID: 0}
    - target: {fileID: 19876208, guid: 8698f59a8ea9a0c449a001968fa1db7f, type: 3}
      propertyPath: InitialModule.gravityModifier.scalar
      value: 1
      objectReference: {fileID: 0}
    - target: {fileID: 19876208, guid: 8698f59a8ea9a0c449a001968fa1db7f, type: 3}
      propertyPath: EmissionModule.m_Bursts.Array.data[0].cycleCount
      value: 1
      objectReference: {fileID: 0}
    - target: {fileID: 19876208, guid: 8698f59a8ea9a0c449a001968fa1db7f, type: 3}
      propertyPath: EmissionModule.m_Bursts.Array.data[0].probability
      value: 1
      objectReference: {fileID: 0}
    - target: {fileID: 19876208, guid: 8698f59a8ea9a0c449a001968fa1db7f, type: 3}
      propertyPath: EmissionModule.m_Bursts.Array.data[0].repeatInterval
      value: 0.01
      objectReference: {fileID: 0}
    - target: {fileID: 19876208, guid: 8698f59a8ea9a0c449a001968fa1db7f, type: 3}
      propertyPath: EmissionModule.m_Bursts.Array.data[0].countCurve.scalar
      value: 1
      objectReference: {fileID: 0}
    - target: {fileID: 19876208, guid: 8698f59a8ea9a0c449a001968fa1db7f, type: 3}
      propertyPath: EmissionModule.m_Bursts.Array.data[0].countCurve.minScalar
      value: 30
      objectReference: {fileID: 0}
    - target: {fileID: 19876208, guid: 8698f59a8ea9a0c449a001968fa1db7f, type: 3}
      propertyPath: EmissionModule.m_Bursts.Array.data[0].countCurve.maxCurve.m_PreInfinity
      value: 2
      objectReference: {fileID: 0}
    - target: {fileID: 19876208, guid: 8698f59a8ea9a0c449a001968fa1db7f, type: 3}
      propertyPath: EmissionModule.m_Bursts.Array.data[0].countCurve.minCurve.m_PreInfinity
      value: 2
      objectReference: {fileID: 0}
    - target: {fileID: 19876208, guid: 8698f59a8ea9a0c449a001968fa1db7f, type: 3}
      propertyPath: EmissionModule.m_Bursts.Array.data[0].countCurve.maxCurve.m_PostInfinity
      value: 2
      objectReference: {fileID: 0}
    - target: {fileID: 19876208, guid: 8698f59a8ea9a0c449a001968fa1db7f, type: 3}
      propertyPath: EmissionModule.m_Bursts.Array.data[0].countCurve.minCurve.m_PostInfinity
      value: 2
      objectReference: {fileID: 0}
    - target: {fileID: 19876208, guid: 8698f59a8ea9a0c449a001968fa1db7f, type: 3}
      propertyPath: EmissionModule.m_Bursts.Array.data[0].countCurve.maxCurve.m_RotationOrder
      value: 4
      objectReference: {fileID: 0}
    - target: {fileID: 19876208, guid: 8698f59a8ea9a0c449a001968fa1db7f, type: 3}
      propertyPath: EmissionModule.m_Bursts.Array.data[0].countCurve.minCurve.m_RotationOrder
      value: 4
      objectReference: {fileID: 0}
    - target: {fileID: 19876208, guid: 8698f59a8ea9a0c449a001968fa1db7f, type: 3}
      propertyPath: EmissionModule.m_Bursts.Array.data[0].countCurve.maxCurve.m_Curve.Array.size
      value: 2
      objectReference: {fileID: 0}
    - target: {fileID: 19876208, guid: 8698f59a8ea9a0c449a001968fa1db7f, type: 3}
      propertyPath: EmissionModule.m_Bursts.Array.data[0].countCurve.minCurve.m_Curve.Array.size
      value: 2
      objectReference: {fileID: 0}
    - target: {fileID: 19876208, guid: 8698f59a8ea9a0c449a001968fa1db7f, type: 3}
      propertyPath: EmissionModule.m_Bursts.Array.data[0].countCurve.maxCurve.m_Curve.Array.data[1].time
      value: 1
      objectReference: {fileID: 0}
    - target: {fileID: 19876208, guid: 8698f59a8ea9a0c449a001968fa1db7f, type: 3}
      propertyPath: EmissionModule.m_Bursts.Array.data[0].countCurve.minCurve.m_Curve.Array.data[1].time
      value: 1
      objectReference: {fileID: 0}
    - target: {fileID: 19876208, guid: 8698f59a8ea9a0c449a001968fa1db7f, type: 3}
      propertyPath: EmissionModule.m_Bursts.Array.data[0].countCurve.maxCurve.m_Curve.Array.data[0].value
      value: 1
      objectReference: {fileID: 0}
    - target: {fileID: 19876208, guid: 8698f59a8ea9a0c449a001968fa1db7f, type: 3}
      propertyPath: EmissionModule.m_Bursts.Array.data[0].countCurve.maxCurve.m_Curve.Array.data[1].value
      value: 1
      objectReference: {fileID: 0}
    - target: {fileID: 19876208, guid: 8698f59a8ea9a0c449a001968fa1db7f, type: 3}
      propertyPath: EmissionModule.m_Bursts.Array.data[0].countCurve.minCurve.m_Curve.Array.data[0].value
      value: 1
      objectReference: {fileID: 0}
    - target: {fileID: 19876208, guid: 8698f59a8ea9a0c449a001968fa1db7f, type: 3}
      propertyPath: EmissionModule.m_Bursts.Array.data[0].countCurve.minCurve.m_Curve.Array.data[1].value
      value: 1
      objectReference: {fileID: 0}
    - target: {fileID: 19876208, guid: 8698f59a8ea9a0c449a001968fa1db7f, type: 3}
      propertyPath: EmissionModule.m_Bursts.Array.data[0].countCurve.maxCurve.m_Curve.Array.data[0].inWeight
      value: 0.33333334
      objectReference: {fileID: 0}
    - target: {fileID: 19876208, guid: 8698f59a8ea9a0c449a001968fa1db7f, type: 3}
      propertyPath: EmissionModule.m_Bursts.Array.data[0].countCurve.maxCurve.m_Curve.Array.data[1].inWeight
      value: 0.33333334
      objectReference: {fileID: 0}
    - target: {fileID: 19876208, guid: 8698f59a8ea9a0c449a001968fa1db7f, type: 3}
      propertyPath: EmissionModule.m_Bursts.Array.data[0].countCurve.minCurve.m_Curve.Array.data[0].inWeight
      value: 0.33333334
      objectReference: {fileID: 0}
    - target: {fileID: 19876208, guid: 8698f59a8ea9a0c449a001968fa1db7f, type: 3}
      propertyPath: EmissionModule.m_Bursts.Array.data[0].countCurve.minCurve.m_Curve.Array.data[1].inWeight
      value: 0.33333334
      objectReference: {fileID: 0}
    - target: {fileID: 19876208, guid: 8698f59a8ea9a0c449a001968fa1db7f, type: 3}
      propertyPath: EmissionModule.m_Bursts.Array.data[0].countCurve.maxCurve.m_Curve.Array.data[0].outWeight
      value: 0.33333334
      objectReference: {fileID: 0}
    - target: {fileID: 19876208, guid: 8698f59a8ea9a0c449a001968fa1db7f, type: 3}
      propertyPath: EmissionModule.m_Bursts.Array.data[0].countCurve.maxCurve.m_Curve.Array.data[1].outWeight
      value: 0.33333334
      objectReference: {fileID: 0}
    - target: {fileID: 19876208, guid: 8698f59a8ea9a0c449a001968fa1db7f, type: 3}
      propertyPath: EmissionModule.m_Bursts.Array.data[0].countCurve.minCurve.m_Curve.Array.data[0].outWeight
      value: 0.33333334
      objectReference: {fileID: 0}
    - target: {fileID: 19876208, guid: 8698f59a8ea9a0c449a001968fa1db7f, type: 3}
      propertyPath: EmissionModule.m_Bursts.Array.data[0].countCurve.minCurve.m_Curve.Array.data[1].outWeight
      value: 0.33333334
      objectReference: {fileID: 0}
    - target: {fileID: 19909796, guid: 8698f59a8ea9a0c449a001968fa1db7f, type: 3}
      propertyPath: m_Materials.Array.size
      value: 1
      objectReference: {fileID: 0}
    m_RemovedComponents: []
  m_SourcePrefab: {fileID: 100100000, guid: 8698f59a8ea9a0c449a001968fa1db7f, type: 3}
--- !u!4 &9219893046569605941 stripped
Transform:
  m_CorrespondingSourceObject: {fileID: 484892, guid: 8698f59a8ea9a0c449a001968fa1db7f, type: 3}
  m_PrefabInstance: {fileID: 9219893046570089769}
  m_PrefabAsset: {fileID: 0}
--- !u!198 &9219893046551262297 stripped
ParticleSystem:
  m_CorrespondingSourceObject: {fileID: 19876208, guid: 8698f59a8ea9a0c449a001968fa1db7f, type: 3}
  m_PrefabInstance: {fileID: 9219893046570089769}
  m_PrefabAsset: {fileID: 0}
